@book{mid,
  title={A Cited Source},
  author={{A Random Author}},
  isbn={1234567890},
  year={2025},
  publisher={Some Publisher}
}

@book{mid2,
  title={A Not-Cited Source},
  author={{A Random Author}},
  isbn={12345678901},
  year={2025},
  publisher={Some Publisher}
}
